@article{1,
  author    = {Lokner Lađević and Tomaž Kramberger and Rok Kramberger and Danijela Vlahek},
  title = {{Detection of AI-Generated Synthetic Images with a Lightweight CNN}},
  journal   = {AI},
  volume    = {5},
  pages     = {1575--1593},
  year      = {2024},
  doi       = {10.3390/ai5030076},
  url       = {https://doi.org/10.3390/ai5030076}
}

@inproceedings{2,
  author    = {Victor L. Thing},
  title     = {{Deepfake Detection with Deep Learning: Convolutional Neural Networks versus Transformers}},
  booktitle = {2023 IEEE International Conference on Cyber Security and Resilience (CSR)},
  pages     = {246--253},
  year      = {2023},
  month     = {July},
  publisher = {IEEE}
}

@article{3,
  author    = {Yong Wang and Yifan Hao and Ai Xia Cong},
  title     = {{Harnessing Machine Learning for Discerning AI-Generated Synthetic Images}},
  journal   = {arXiv preprint},
  volume    = {arXiv:2401.07358},
  year      = {2024},
  url       = {https://arxiv.org/abs/2401.07358}
}

@article{4,
  author    = {Jakub Zak and Anna Korzynska and Antonina Pater and Lukasz Roszkowiak},
  title     = {{Fourier Transform Layer: A Proof of Work in Different Training Scenarios}},
  journal   = {Applied Soft Computing},
  volume    = {145},
  pages     = {110607},
  year      = {2023},
  month     = {September},
  doi       = {10.1016/j.asoc.2023.110607},
  url       = {https://doi.org/10.1016/j.asoc.2023.110607}
}

@article{5,
  author    = {J. J. Bird and A. Lotfi},
  title     = {{CIFAKE: Image Classification and Explainable Identification of AI-Generated Synthetic Images}},
  journal   = {IEEE Access},
  year      = {2024}
}

@article{6,
  author    = {Luca Romeo and Federico Federico and Anxhelo Dervishi and Raoul M. M. and Luigi C.},
  title     = {{Faster Than Lies: Real-Time Deepfake Detection using Binary Neural Networks}},
  journal   = {arXiv preprint},
  volume    = {arXiv:2406.04932},
  year      = {2024},
  url       = {https://arxiv.org/abs/2406.04932}
}
